<?xml version="1.0" encoding="UTF-8"?><collection><record><leader>08068ntm a2200589 a 4500</leader><controlfield tag="001">005976426</controlfield><controlfield tag="003">MiAaHDL</controlfield><controlfield tag="005">20190719000000.0</controlfield><controlfield tag="006">m        d        </controlfield><controlfield tag="007">cr bn ---auaua</controlfield><controlfield tag="008">090327q17001750xx            00| ||ara d</controlfield><datafield tag="035" ind1=" " ind2=" "><subfield code="a">(MiU)005976426</subfield></datafield><datafield tag="035" ind1=" " ind2=" "><subfield code="a">sdr-miu005976426</subfield></datafield><datafield tag="040" ind1=" " ind2=" "><subfield code="a">MiU</subfield><subfield code="c">MiU</subfield><subfield code="e">amremm</subfield></datafield><datafield tag="043" ind1=" " ind2=" "><subfield code="a">n-us-mi</subfield></datafield><datafield tag="100" ind1="1" ind2=" "><subfield code="6">880-01</subfield><subfield code="a">Bukhārī, Muḥammad ibn Ismāʻīl,</subfield><subfield code="d">810-870.</subfield></datafield><datafield tag="240" ind1="1" ind2="0"><subfield code="6">880-02</subfield><subfield code="a">Jāmiʻ al-ṣaḥīḥ.</subfield><subfield code="n">niṣf 1</subfield></datafield><datafield tag="245" ind1="1" ind2="3"><subfield code="6">880-03</subfield><subfield code="a">al-Niṣf al-awwal min Kitāb al-Jāmiʻ al-Ṣaḥīḥ,</subfield><subfield code="f">[early to mid 18th century?].</subfield></datafield><datafield tag="246" ind1="3" ind2=" "><subfield code="6">880-04</subfield><subfield code="i">Edge title (head):</subfield><subfield code="a">al-Ṣaḥīḥ al-Bukhārī</subfield></datafield><datafield tag="260" ind1=" " ind2=" "><subfield code="c">[1700-1750?].</subfield></datafield><datafield tag="300" ind1=" " ind2=" "><subfield code="a">446 leaves :</subfield><subfield code="b">paper ;</subfield><subfield code="c">319 x 229 (220 x 115) mm.</subfield></datafield><datafield tag="500" ind1=" " ind2=" "><subfield code="a">Shelfmark: Ann Arbor, University of Michigan, Special Collections Library, Isl. Ms. 17</subfield></datafield><datafield tag="500" ind1=" " ind2=" "><subfield code="a">Origin: As appears in colophon on fol.444a (p.909) copied by ʻAlī bin ʻAlī al-Kutubī. Date of transcription not specified. Paper may suggest early to mid 18th century. Compare D-Dl Mus.3154-D-1 and D-Dl Mus.3154-D-5, autographs of Antonio Duni dated 1744 and 1746 (cf Répertoire International of the Sources Musicales = RISM and CatChiesa 1765) and consider A 3 marks in Velkov and Andreev, Filigranes dans les documents ottomans. I Trois croissants (p.62).</subfield></datafield><datafield tag="500" ind1=" " ind2=" "><subfield code="a">Accompanying materials: Several slips and scraps with excerpts, glosses, pen trials, etc. numbered by paginator (pp.39-40, pp.125-126, pp.391-392, pp.545-546, pp.663-664, pp.679-680, pp.715-716, pp.771-772, pp.819-820).</subfield></datafield><datafield tag="500" ind1=" " ind2=" "><subfield code="a">Former shelfmark: British Museum, London "No. 51. Sahih of Bukhari, vol.i."</subfield></datafield><datafield tag="500" ind1=" " ind2=" "><subfield code="a">Binding: Pasteboards covered in tan brown leather (goat) ; Type II binding (with flap) though more of a wrapper ; doublures, flap lining, and spine lining in a fine illuminated block-stamped pattern, grid of squares with small rosette and vegetal designs in alternating squares ; upper and lower covers bear blind-stamped, scalloped mandorla with vegetal decoration (compare Déroche class. OAi 4) and pendants, blind-stamped scalloped lozenges with vegetal decoration (compare Déroche class. OSd 5) as corner pieces accompanied by pendant accents, and gold-painted roll border consisting of a series of s-shaped stamps ; composed of loose quires, not affixed to one another or to cover (wrapper), each quire individually sewn in yellow, rose or red thread, four stations ; in fair condition with some abrasion, staining, lifting of leather, etc.</subfield></datafield><datafield tag="500" ind1=" " ind2=" "><subfield code="a">Support: European laid paper with 7-8 laid lines per cm. (horizontal), chain lines spaced 28 mm. apart (vertical), and watermark of three crescents / tre lune (perpendicular to chains, 78 mm long, see p.1, 12, 134, etc) with countermark "A F 3" (or "A F Z") under trefoil with F slightly raised (see p.6, 8, 136, etc) ; fairly thick and well-burninshed ; first leaf fully detached.</subfield></datafield><datafield tag="500" ind1=" " ind2=" "><subfield code="a">Decoration: Fine illuminated headpiece (ʻunwān / sarlawḥ) on fol.1b (p.1) consisting of rectangular piece surmounted by semi-circular piece (dome) ; rectangular piece carries empty gold cartouche flanked by floral vegetal accents in gold, red, and green on fields of blue ; semi-circular piece is filled with floral vegetal pattern in gold, white, light blue, pink, yellow and red on fields of blue and green, bordered in gold, green, and red and surmounted by vertical stalks (tīgh) in blue with red accents ; entire headpiece is set in a well of interlace in black and white ; written area of incipit and facing page bordered in frame consisting of alternating gold bands and red, green, and gold fillets ; elsewhere throughout written area is surrounded by rule-border consisting of red and blue fillets ; occasional textual dividers in the form of red inverted commas ; text rubricated with keywords ("حدثنا", "باب", etc.), section headings, overlining, etc. in red.</subfield></datafield><datafield tag="500" ind1=" " ind2=" "><subfield code="a">Script: Naskh ; clear Egyptian or Ḥijāzī hand [?] hand ; virtually serifless with effect of slight tilt to the left, pointing in distinct dots quiteliberally spaced, hamzah at midline or seated at baseline rather than seated on alif, elongation of horizontal strokes, descenders somewhat flattened, extensively vocalized.</subfield></datafield><datafield tag="500" ind1=" " ind2=" "><subfield code="a">Layout: Written in 25 lines per page ; frame-ruled.</subfield></datafield><datafield tag="500" ind1=" " ind2=" "><subfield code="a">Collation: 44 V (440), III (446) ; chiefly quinions ; final two leaves left blank ; catchwords present ; pagination in pencil, Western numerals, supplied during digitization (includes inserts and skips from p.175 to 178 and from 303 to 306).</subfield></datafield><datafield tag="500" ind1=" " ind2=" "><subfield code="a">Colophon: "Scribal," rectangular, reads: "اخر النصف الاول من كتاب الجامع الصحيح تصيف ابي عبد الله محمد بن اسماعيل البخاري ويتلوه اول النصف الثاني مناقب عبد الله ابن مسعود على يد افقر العباد الى عفو ربه الفقير علي بن المرحوم علي الكتبي عفي عنهما بمنه وكرمه وحسبنا الله ونعم الوكيل وصلى الله على محمد واله وصحبه اجمعين تم"</subfield></datafield><datafield tag="500" ind1=" " ind2=" "><subfield code="a">Explicit: "مناقب سالم مولى ابي حذيفة حدثنا سليمان بن حرب ... استقرئوا القرآن من اربعة من عبد الله بن مسعود فبدأ به وسالم مولى ابي حذيفة وابي بن كعب ومعاذ بن جبل قال ولا ادري بدأ بابي اوبمعاذ"</subfield></datafield><datafield tag="500" ind1=" " ind2=" "><subfield code="a">Incipit: "باب كيف كان يبدو الوحي الى رسول الله صلى الله عليه وسلم ..."</subfield></datafield><datafield tag="500" ind1=" " ind2=" "><subfield code="a">Title from colophon on fol.444a (p.909).</subfield></datafield><datafield tag="500" ind1=" " ind2=" "><subfield code="a">Ms. codex.</subfield></datafield><datafield tag="510" ind1="4" ind2=" "><subfield code="a">Velkov, Asparoukh and Stephane Andreev. Filigranes dans les documents ottomans. I Trois croissants [= Водни знаци в Османотурските документи. I Три луни] (Sofia: Bibliotheque Nationale "Cyrille et Methode" Comission Archeographique Bulgare Section Orientale, 1983),</subfield><subfield code="c">p.62</subfield></datafield><datafield tag="520" ind1=" " ind2=" "><subfield code="a">Fine, large-format copy of the first half of the Ṣaḥīḥ, al-Bukhārī's celebrated collection of traditions.</subfield></datafield><datafield tag="538" ind1=" " ind2=" "><subfield code="a">Mode of access: Internet.</subfield></datafield><datafield tag="541" ind1=" " ind2=" "><subfield code="c">Purchase ;</subfield><subfield code="a">Acquired by purchase along with Abdul Hamid Collection (funds donated by Horace Rackham).</subfield><subfield code="d">1924.</subfield></datafield><datafield tag="546" ind1=" " ind2=" "><subfield code="a">Arabic.</subfield></datafield><datafield tag="561" ind1=" " ind2=" "><subfield code="a">Bookplate of British Museum, London on inner front cover,"British Museum, London. No. 51. Sahih of Bukhari, vol.i." ; circular seal impression with figure of goat/gazelle in purple ink as well as inscription "235" in Western numerals on 'title page' fol.1a (p.1) ; also on 'title page' fol.1a (p.1), ownership statement dated 1219 [1804 or 5] in name of al-Sayyid Ibrāhīm Bāshā ibn al-Sayyid Ismāʻīl Aghā ibn al-Shaykh al-Ḥājj Yūsuf Afandī (Seyit İbrahim Paşa b. Seyit İsmail Ağa b. Şeyh Yusuf Efendi) accompanied by oval seal impression on fol.1a (p.1), statement reads "من تمليكات اضعف العباد السيد ابراهيم باشا بن السيد اسماعيل اغا بن الشيخ الحاج يوسف افندى قدس الله سره سنة ۱۲١٩", inscription in seal only partially legible ; numerous glosses and some marginal corrections ; collation statement on fol.11a (p.21) reads "بلغ مقابلة على نسخة صحيحة جدا".</subfield></datafield><datafield tag="650" ind1=" " ind2="0"><subfield code="a">Hadith</subfield><subfield code="v">Texts</subfield><subfield code="v">Early works to 1800.</subfield></datafield><datafield tag="650" ind1=" " ind2="0"><subfield code="a">Manuscripts, Arabic</subfield><subfield code="z">Michigan</subfield><subfield code="z">Ann Arbor.</subfield></datafield><datafield tag="655" ind1=" " ind2="7"><subfield code="a">Headpieces (layout features)</subfield><subfield code="y">17th century.</subfield><subfield code="2">aat</subfield></datafield><datafield tag="700" ind1="0" ind2=" "><subfield code="6">880-05</subfield><subfield code="a">ʻAlī bin ʻAlī al-Kutubī,</subfield><subfield code="e">scribe.</subfield></datafield><datafield tag="773" ind1="0" ind2=" "><subfield code="a">Tiflis Collection.</subfield></datafield><datafield tag="880" ind1="0" ind2=" "><subfield code="6">700-05/</subfield><subfield code="a">علي بن علي الكتبي،</subfield><subfield code="e">ناسخ.</subfield></datafield><datafield tag="880" ind1="3" ind2=" "><subfield code="6">246-04/</subfield><subfield code="a">الصحيح البخاري</subfield></datafield><datafield tag="880" ind1="1" ind2="2"><subfield code="6">245-03/</subfield><subfield code="a">النصف الاول من كتاب الجامع الصحيح,</subfield><subfield code="f">اوائل الى اواسط القرن 18م؟].</subfield></datafield><datafield tag="880" ind1="1" ind2="0"><subfield code="6">240-02/</subfield><subfield code="a">جامع الصحيح.</subfield><subfield code="n">نصف 1</subfield></datafield><datafield tag="880" ind1="1" ind2=" "><subfield code="6">100-01/</subfield><subfield code="a">بخاري، محمد بن اسماعيل</subfield></datafield><datafield tag="CID" ind1=" " ind2=" "><subfield code="a">005976426</subfield></datafield><datafield tag="DAT" ind1="0" ind2=" "><subfield code="a">20190719102633.0</subfield><subfield code="b">20190719000000.0</subfield></datafield><datafield tag="DAT" ind1="1" ind2=" "><subfield code="a">20190719090653.0</subfield><subfield code="b">2019-07-19T16:11:08Z</subfield></datafield><datafield tag="DAT" ind1="2" ind2=" "><subfield code="a">2015-10-02T18:00:03Z</subfield></datafield><datafield tag="CAT" ind1=" " ind2=" "><subfield code="a">SDR-MIU</subfield><subfield code="d">EX LIBRIS - ALEPH</subfield><subfield code="l">prepare.pl-004-008</subfield></datafield><datafield tag="FMT" ind1=" " ind2=" "><subfield code="a">BK</subfield></datafield><datafield tag="HOL" ind1=" " ind2=" "><subfield code="0">sdr-miu005976426</subfield><subfield code="a">MiU</subfield><subfield code="b">SDR</subfield><subfield code="c">MIU</subfield><subfield code="p">mdp.39015079104983</subfield><subfield code="s">MIU</subfield><subfield code="1">005976426</subfield></datafield><datafield tag="974" ind1=" " ind2=" "><subfield code="b">MIU</subfield><subfield code="c">MIU</subfield><subfield code="d">20190719</subfield><subfield code="s">lit-dlps-dc</subfield><subfield code="u">mdp.39015079104983</subfield><subfield code="y">1750</subfield><subfield code="r">pd</subfield><subfield code="q">bib</subfield><subfield code="t">non-US bib date2 &lt; 1879</subfield></datafield></record></collection>